@ARTICLE{908985,
author={B. {Moon} and H. V. {Jagadish} and C. {Faloutsos} and J. H. {Saltz}},
journal={IEEE Transactions on Knowledge and Data Engineering},
title={Analysis of the clustering properties of the Hilbert space-filling curve},
year={2001},
volume={13},
number={1},
pages={124-141},
keywords={temporal databases;visual databases;database theory;computational geometry;query processing;clustering;Hilbert space-filling curve;multidimensional space linear mapping;spatio-temporal databases;image compression;closed-form formulas;hypersurface area;query region;z curve;disk access behavior;total access time;range queries;fractals;Hilbert space;Multidimensional systems;Image coding;Image databases;Geographic Information Systems;Moon;Shape;Time measurement;Fractals;Helium},
doi={10.1109/69.908985},
ISSN={},
month={Jan},}

@inproceedings{inproceedings,
author = {Perlman, Eric and Burns, Randal and Li, Yi and Meneveau, Charles},
year = {2007},
month = {01},
pages = {23},
title = {Data exploration of turbulence simulations using a database cluster},
journal = {Proceedings of the 2007 ACM/IEEE Conference on Supercomputing, SC'07},
doi = {10.1145/1362622.1362654}
}

@article{DBLP:journals/corr/abs-1801-07399,
  author    = {Pan Xu and
               Cuong Nguyen and
               Srikanta Tirthapura},
  title     = {Onion Curve: {A} Space Filling Curve with Near-Optimal Clustering},
  journal   = {CoRR},
  volume    = {abs/1801.07399},
  year      = {2018},
  url       = {http://arxiv.org/abs/1801.07399},
  archivePrefix = {arXiv},
  eprint    = {1801.07399},
  timestamp = {Tue, 10 Sep 2019 16:34:47 +0200},
  biburl    = {https://dblp.org/rec/bib/journals/corr/abs-1801-07399},
  bibsource = {dblp computer science bibliography, https://dblp.org}
}

@misc{kth_mechanics,
title={V0078: Turbulent flow around a wing profile, a direct numerical simulation},
url={https://doi.org/10.1103/APS.DFD.2015.GFM.V0078}, journal={Gallery of Fluid Motion},
publisher={68th Annual Meeting of the APS Division of Fluid Dynamics (November 22, 2015 â€” November 24, 2015)},
author={KTH Mechanics, Mohammad Hosseini and KTH Mechanics, Ricardo Vinuesa and KTH Mechanics, Ardeshir KTH Hanifi and KTH Mechanics, Dan Henningson and KTH Mechanics, Philipp Schlatter}}
